<?xml version="1.0" encoding="UTF-8"?><collection xmlns="http://www.loc.gov/MARC21/slim"><record><leader>00483nam--2200181-i-4500</leader><controlfield tag="001">000013736</controlfield><controlfield tag="002">20161230</controlfield><controlfield tag="005">20170207001840</controlfield><controlfield tag="008">060222s1000------------r-----000-0-eng-d</controlfield><datafield ind1=" " ind2=" " tag="080"><subfield code="a">681.3(047.3)</subfield></datafield><datafield ind1=" " ind2=" " tag="100"><subfield code="a">Adelus, J. L</subfield></datafield><datafield ind1=" " ind2=" " tag="245"><subfield code="a">Cost effective multichannel data logging using the comodore pet microcomputer</subfield></datafield><datafield ind1=" " ind2=" " tag="260"><subfield code="a">Aldermaston</subfield><subfield code="b">Procurement Executive</subfield><subfield code="c">1979</subfield></datafield><datafield ind1=" " ind2=" " tag="300"><subfield code="a">19 p</subfield></datafield><datafield ind1=" " ind2=" " tag="490"><subfield code="a">Awre</subfield></datafield><datafield ind1=" " ind2=" " tag="500"><subfield code="a">054/79</subfield></datafield><datafield ind1=" " ind2=" " tag="852"><subfield code="a">57444</subfield></datafield><datafield ind1=" " ind2=" " tag="CAT"><subfield code="a">SYS</subfield><subfield code="c">20170207</subfield><subfield code="h">001840</subfield></datafield></record></collection>